@article{e1997,
  author = {E, W. and Liu, J. G.},
  title = {Finite difference methods for 3D viscous incompressible flows in the
  vorticity-vector potential formulation on nonstaggered grids},
  journal = {J. Comp. Phys.},
  volume = {138},
  pages = {57--82},
  year = {1997}
}

@article{ennis-king2005,
  author = {Ennis-King, J. and Paterson, L.},
  title = {Role of convective mixing in the long-term storage of carbon dioxide
  in deep saline aquifers},
  journal = {SPE J.},
  volume = {10},
  pages = {349--356},
  year = {2005}
}

@article{slim2014,
  author = {Slim, A.C.},
  title = {Solutal-convection regimes in a two-dimensional porous medium},
  journal = {J. Fluid Mech.},
  volume = {741},
  pages = {461--491},
  year = {2014}
}
