@article{e1997,
  author = {E, W. and Liu, J. G.},
  title = {Finite difference methods for 3D viscous incompressible flows in the vorticity-vector potential formulation on nonstaggered grids},
  journal = {J. Comp. Phys.},
  volume = {138},
  pages = {57--82},
  year = {1997}
}

@article{emami-meybodi2015,
  author = {Hamid Emami-Meybodi and Hassan Hassanzadeh and Christopher P. Green and Jonathan Ennis-King},
  title = {{Convective dissolution of CO$_2$ in saline aquifers: Progress in modeling and experiments}},
  journal = {International Journal of Greenhouse Gas Control},
  volume = {40},
  pages = {238--266},
  year = {2015},
}

@article{ennis-king2005,
  author = {Ennis-King, J. and Paterson, L.},
  title = {Role of convective mixing in the long-term storage of carbon dioxide
  in deep saline aquifers},
  journal = {SPE J.},
  volume = {10},
  pages = {349--356},
  year = {2005}
}

@article{fu2013,
  title={Pattern formation and coarsening dynamics in three-dimensional convective mixing in porous media},
  author={Fu, Xiaojing and Cueto-Felgueroso, Luis and Juanes, Ruben},
  journal={Phil. Trans. R. Soc. A},
  volume={371},
  pages={20120355},
  year={2013}
}

@article{pau2010,
  title={{High-resolution simulation and characterization of density-driven flow in CO$_2$ storage in saline aquifers}},
  author={Pau, George SH and Bell, John B and Pruess, Karsten and Almgren, Ann S and Lijewski, Michael J and Zhang, Keni},
  journal={Advances in Water Resources},
  volume={33},
  pages={443--455},
  year={2010}
}

@article{slim2014,
  author = {Slim, A.C.},
  title = {Solutal-convection regimes in a two-dimensional porous medium},
  journal = {J. Fluid Mech.},
  volume = {741},
  pages = {461--491},
  year = {2014}
}
